@ARTICLE{Peccei,
   author = {R.D. Peccei and H.R. Quinn},
   title = "{CP conservation in the presence of pseudoparticles}",
   journal = {Phys. Rev. Lett.},
   year = 1977,
   volume = 38,
   pages = "1440--1443",
}
@ARTICLE{Peccei_2,
   author = {R.D. Peccei and H.R. Quinn},
   title = "{Constraints imposed by CP conservation in the presence of
pseudoparticles}",
   journal = {Phys. Rev. D},
   year = 1977,
   volume = 16,
   number = 6,
   pages = "1791--1797",
}  
@ARTICLE{PhysRevLett.40.223,
  title = {A New Light Boson?},
  author = {Weinberg, Steven },
  journal = {Phys. Rev. Lett.},
  volume = {40},
  number = {4},
  pages = {223--226},
  numpages = {3},
  year = {1978},
  month = {Jan},
  doi = {10.1103/PhysRevLett.40.223},
  publisher = {American Physical Society}
}
@ARTICLE{PhysRevLett.40.279,
  title = {Problem of Strong {$P$} and {$T$} Invariance in the Presence of Instantons},
  author = {Wilczek, F. },
  journal = {Phys. Rev. Lett.},
  volume = {40},
  number = {5},
  pages = {279--282},
  numpages = {3},
  year = {1978},
  month = {Jan},
  doi = {10.1103/PhysRevLett.40.279},
  publisher = {American Physical Society}
}
@ARTICLE{1646035,
author={Armstrong, E.H.},
journal={Radio Engineers, Proceedings of the Institute of},
title={A Study of Heterodyne Amplification by the Electron Relay},
year={1917},
month={April},
volume={5},
number={2},
pages={145-159},
keywords={Antenna measurements;Detectors;Electron tubes;Laboratories;Oscillators;Receivers;Receiving antennas;Relays;Switches;Switching circuits},
doi={10.1109/JRPROC.1917.217302},
ISSN={0731-5996},}
@ARTICLE{Cavity_idea,
   author = {P. Sikivie},
   title = "{Experimental Test of the "Invisible" Axion}",
   journal = {Phys. Rev. Lett.},
   year = 1983,
   month = Oct,
   volume = 51,
   pages = "1415--1417",
}
@ARTICLE{Cavity_idea_2,
   author = {P. Sikivie},
   title = "{Detection rates for "invisible"-axion searches}",
   journal = {Phys. Rev. D},
   year = 1985,
   month = Dec,
   volume = 32,
   number = 11,
   pages = "2988--2991",
}
@ARTICLE{Preskill1983127,
  title = {Cosmology of the invisible axion},
  author = {Preskill, J and Wise, M.B. and Wilczek, F. },
  journal = {Phys. Lett. B},
  volume = {120},
  number = {1-3},
  pages = {127--132},
  numpages = {6},
  year = {1983},
  month = {Jan},
  doi = {10.1016/0370-2693(83)90637-8},
  publisher = {}
}
@ARTICLE{ipser-sikivie,
  title = {Can galactic halos be made of axions?},
  author = {Ipser, J. and Sikivie, P. },
  journal = {Phys. Rev. Lett.},
  volume = {50},
  number = {12},
  pages = {925--927},
  numpages = {3},
  year = {1983},
  month = {},
  doi = {10.1103/PhysRevLett.50.925},
  publisher = {American Physical Society}
}
@ARTICLE{Abbott1983,
  title = {A cosmological bound on the invisible axion},
  author = {Abbott, L. and Sikivie, P.},
  journal = {Phys. Lett. B},
  volume = {120},
  number = {},
  pages = {133--136},
  numpages = {4},
  year = {1983},
  month = {Jan},
  doi = {},
  publisher = {}
}
@ARTICLE{PhysRevLett.51.1415,
  title = {Experimental Tests of the ``Invisible" Axion},
  author = {Sikivie, P. },
  journal = {Phys. Rev. Lett.},
  volume = {51},
  number = {16},
  pages = {1415--1417},
  numpages = {2},
  year = {1983},
  month = {Oct},
  doi = {10.1103/PhysRevLett.51.1415},
  publisher = {American Physical Society}
}
@article{PhysRevD.50.4744,
  title = {Axion detection in the ${10}^{\mathrm{-}4}$ eV mass range},
  author = {Sikivie, Pierre and Tanner, D. B. and Wang, Yun},
  journal = {Phys. Rev. D},
  volume = {50},
  issue = {8},
  pages = {4744--4748},
  year = {1994},
  month = {Oct},
  doi = {10.1103/PhysRevD.50.4744},
  url = {http://link.aps.org/doi/10.1103/PhysRevD.50.4744},
  publisher = {American Physical Society}
}
@article{PhysRevD.80.035024,
  title = {Dark matter axions revisited},
  author = {Visinelli, Luca and Gondolo, Paolo},
  journal = {Phys. Rev. D},
  volume = {80},
  issue = {3},
  pages = {035024},
  numpages = {7},
  year = {2009},
  month = {Aug},
  doi = {10.1103/PhysRevD.80.035024},
  url = {http://link.aps.org/doi/10.1103/PhysRevD.80.035024},
  publisher = {American Physical Society}
} %predicts axion mass of 65 ueV (+/- 2)
@article{PhysRevLett.111.231801,
  title = {Possible Resonance Effect of Axionic Dark Matter in Josephson Junctions},
  author = {Beck, Christian},
  journal = {Phys. Rev. Lett.},
  volume = {111},
  issue = {23},
  pages = {231801},
  numpages = {5},
  year = {2013},
  month = {Dec},
  doi = {10.1103/PhysRevLett.111.231801},
  url = {http://link.aps.org/doi/10.1103/PhysRevLett.111.231801},
  publisher = {American Physical Society}
} %claims evidence for 110 ueV axion
@article{PhysRevD.85.105020,
  title = {Production of dark matter axions from collapse of string-wall systems},
  author = {Hiramatsu, Takashi and Kawasaki, Masahiro and Saikawa, Ken'ichi and Sekiguchi, Toyokazu},
  journal = {Phys. Rev. D},
  volume = {85},
  issue = {10},
  pages = {105020},
  numpages = {17},
  year = {2012},
  month = {May},
  doi = {10.1103/PhysRevD.85.105020},
  url = {http://link.aps.org/doi/10.1103/PhysRevD.85.105020},
  publisher = {American Physical Society}
}
@article{1538-4357-682-2-L109,
  author={J. Isern and E. García-Berro and S. Torres and S. Catalán},
  title={Axions and the Cooling of White Dwarf Stars},
  journal={ApJ},
  volume={682},
  number={2},
  pages={L109},
  url={http://stacks.iop.org/1538-4357/682/i=2/a=L109},
  year={2008}
} %claims suggestion of axion mass at 5 meV
@article{0022-3735-15-1-002,
  author={R N Clarke and C B Rosenberg},
  title={Fabry-Perot and open resonators at microwave and millimetre wave frequencies, 2-300 GHz},
  journal={J. Phys. E},
  volume={15},
  number={1},
  pages={9},
  url={http://stacks.iop.org/0022-3735/15/i=1/a=002},
  year={1982}
}
@article{PhysRevLett.80.2043,
  title = {Results from a High-Sensitivity Search for Cosmic Axions},
  author = {Hagmann, C. and others},
  journal = {Phys. Rev. Lett.},
  volume = {80},
  issue = {10},
  pages = {2043--2046},
  numpages = {0},
  year = {1998},
  month = {Mar},
  publisher = {American Physical Society},
  doi = {10.1103/PhysRevLett.80.2043},
  url = {http://link.aps.org/doi/10.1103/PhysRevLett.80.2043}
}
@article{PhysRevLett.104.041301,
  title = {SQUID-Based Microwave Cavity Search for Dark-Matter Axions},
  author = {Asztalos, S. J. and others},
  journal = {Phys. Rev. Lett.},
  volume = {104},
  issue = {4},
  pages = {041301},
  numpages = {4},
  year = {2010},
  month = {Jan},
  publisher = {American Physical Society},
  doi = {10.1103/PhysRevLett.104.041301},
  url = {http://link.aps.org/doi/10.1103/PhysRevLett.104.041301}
}
@article{PhysRevLett.107.261302,
  title = {Search for Sub-eV Mass Solar Axions by the CERN Axion Solar Telescope with <span class="aps-inline-formula"><math display="inline"><mmultiscripts><mi>He</mi><mprescripts></mprescripts><none></none><mn>3</mn></mmultiscripts></math></span> Buffer Gas},
  author = {Arik, M. and others},
  collaboration = {CAST Collaboration},
  journal = {Phys. Rev. Lett.},
  volume = {107},
  issue = {26},
  pages = {261302},
  numpages = {5},
  year = {2011},
  month = {Dec},
  publisher = {American Physical Society},
  doi = {10.1103/PhysRevLett.107.261302},
  url = {http://link.aps.org/doi/10.1103/PhysRevLett.107.261302}
}
@article{PhysRevLett.59.839,
  title = {Limits on the abundance and coupling of cosmic axions at 4.5&lt;<span class="aps-inline-formula"><math><mrow><msub><mrow><mi>m</mi></mrow><mrow><mi>a</mi></mrow></msub></mrow></math></span>&lt;5.0 μeV},
  author = {DePanfilis, S. and others},
  journal = {Phys. Rev. Lett.},
  volume = {59},
  issue = {7},
  pages = {839--842},
  numpages = {0},
  year = {1987},
  month = {Aug},
  publisher = {American Physical Society},
  doi = {10.1103/PhysRevLett.59.839},
  url = {http://link.aps.org/doi/10.1103/PhysRevLett.59.839}
}
@article{PhysRevD.40.3153,
  title = {Results of a laboratory search for cosmic axions and other weakly coupled light particles},
  author = {Wuensch, W. U. and others},
  journal = {Phys. Rev. D},
  volume = {40},
  issue = {10},
  pages = {3153--3167},
  numpages = {0},
  year = {1989},
  month = {Nov},
  publisher = {American Physical Society},
  doi = {10.1103/PhysRevD.40.3153},
  url = {http://link.aps.org/doi/10.1103/PhysRevD.40.3153}
}
@article{PhysRevD.42.1297,
  title = {Results from a search for cosmic axions},
  author = {Hagmann, C. and Sikivie, P. and Sullivan, N. S. and Tanner, D. B.},
  journal = {Phys. Rev. D},
  volume = {42},
  issue = {4},
  pages = {1297--1300},
  numpages = {0},
  year = {1990},
  month = {Aug},
  publisher = {American Physical Society},
  doi = {10.1103/PhysRevD.42.1297},
  url = {http://link.aps.org/doi/10.1103/PhysRevD.42.1297}
}
@article{:/content/aip/journal/rsi/84/8/10.1063/1.4817537,
   author = "Jones, A. Mark and Kelly, James F. and Severtsen, Ronald H. and McCloy, John S.",
   title = "Regenerative feedback resonant circuit to detect transient changes in electromagnetic properties of semi-insulating materials",
   journal = "Rev. Sci. Instrum.",
   year = "2013",
   volume = "84",
   number = "8", 
   eid = 084703,
   pages = "-",
   url = "http://scitation.aip.org/content/aip/journal/rsi/84/8/10.1063/1.4817537",
   doi = "http://dx.doi.org/10.1063/1.4817537" 
}
@article{noise_temp_afr,
    author="Ishikawa, Youhei and Yamashita, Sadao and Hidaka, Seiji",
    title="Noise Temperature of Active FeedbackResonator (AFR)",
    journal="IEICE Trans. Electron.",
    year="1993",
    volume="E76-C",
    number="6",
    pages={925--931},
}
@article{Peng2000569,
	title = "Cryogenic cavity detector for a large-scale cold dark-matter axion search ",
	journal = "Nucl. Instrum. Meth. A",
	volume = "444",
	number = "3",
	pages = "569 - 583",
	year = "2000",
	note = "",
	issn = "0168-9002",
	doi = "http://dx.doi.org/10.1016/S0168-9002(99)00971-7",
	url = "http://www.sciencedirect.com/science/article/pii/S0168900299009717",
	author = "H. Peng and S. Asztalos and E. Daw and N.A. Golubev and C. Hagmann and D. Kinion and J. LaVeigne and D.M. Moltz and F. Nezrick and J. Powell and others",
	keywords = "Axions",
	keywords = "Dark matter",
	keywords = "Microwave detector "
}
@misc{armstrong1914wireless,
  title={Wireless receiving system.},
  author={Armstrong, E.H.},
  url={http://www.google.com/patents/US1113149},
  year={1914},
  month=oct # "~6",
  publisher={Google Patents},
  note={~US Patent 1,113,149}
}
@phdthesis{thesis_daw,
    author={Daw, Edward},
    title={A Search for Halo Axions},
    school={MIT},
    year=1998,
    month=2
}
@article{Turner199067,
title = "Windows on the axion ",
journal = "Physics Reports ",
volume = "197",
number = "2",
pages = "67 - 97",
year = "1990",
note = "",
issn = "0370-1573",
doi = "http://dx.doi.org/10.1016/0370-1573(90)90172-X",
url = "http://www.sciencedirect.com/science/article/pii/037015739090172X",
author = "Michael S. Turner"
}
@inbook{Montgomery:1948,
    editor={Mongomery, C.G. and Dicke, R.H. and Purcell, E.M.},
    author={Robert Beringer},
    publisher = {IET Publications},
    title = {Principles of Microwave Circuits},
    year = {1948},
    chapter= {7}
}
@ARTICLE{tetu,
author={Tetu, Michel and Tremblay, Pierre and Lesage, Paul and Petit, Pierre},
journal={Instrumentation and Measurement, IEEE Transactions on},
title={Experimental Study of the Frequency Stability of a Maser Oscillator Operated with an External Feedback Loop},
year={1983},
month={Sept},
volume={32},
number={3},
pages={410-413},
keywords={Feedback loop;Frequency;Hydrogen;Masers;Microwave amplifiers;Oscillators;Q factor;Space technology;Stability;Temperature},
doi={10.1109/TIM.1983.4315096},
ISSN={0018-9456},}

@article{gertsenshtein,
year={1962},
issn={0543-1972},
journal={Measurement Techniques},
volume={5},
number={11},
doi={10.1007/BF00986474},
title={Measurement of the coherence of grid and anode tube noise},
url={http://dx.doi.org/10.1007/BF00986474},
publisher={Kluwer Academic Publishers},
author={Gertsenshtein, M.E. and Prakhin, P.F.},
pages={956-958},
language={English}
}
@ARTICLE{galwas,
author={Galwas, B.A.},
journal={Microwave Theory and Techniques, IEEE Transactions on},
title={Scattering Matrix Description of Microwave Resonators},
year={1983},
month={Aug},
volume={31},
number={8},
pages={669-671},
keywords={Admittance;Coupling circuits;Equivalent circuits;Maxwell equations;Microwave circuits;Reflectivity;Resonance;Resonant frequency;Scattering;Transmission line matrix methods},
doi={10.1109/TMTT.1983.1131566},
ISSN={0018-9480},}
@article{brida,
year=2001,
url=http://www.inrim.it/~brida/Q_multiplier.htm,
author={Brida, G. and Novera, C.}
title={Q-Multiplier Analysis}
}


